% Encoding: UTF-8

@Book{Jolliffe1986,
  title     = {Principal Component Analysis},
  publisher = {Springer Verlag},
  year      = {1986},
  author    = {Jolliffe, I.T.},
  abstract  = {seems like a great book on PCA -
it shows the connection between PCA and SVD;
talks about how to choose the number of eigenvectors to keep;
discusses outlier detection;
uses PCA for stock prices (Dow Jones)},
  added-at  = {2007-12-09T20:51:37.000+0100},
  biburl    = {https://www.bibsonomy.org/bibtex/21b71c6fb66b439679c9e0974777a8677/marymcglo},
  contents  = {(not listed)},
  interhash = {2d412ce0d00e97ad8c2bdbeb053a4977},
  intrahash = {1b71c6fb66b439679c9e0974777a8677},
  keywords  = {imported},
  timestamp = {2007-12-09T20:51:38.000+0100},
}

@Comment{jabref-meta: databaseType:bibtex;}
