% Encoding: UTF-8

@Article{Bradski2000,
  author               = {Bradski, G.},
  title                = {OpenCV Library},
  journal              = {Dr. Dobb's Journal of Software Tools},
  year                 = {2000},
  citeulike-article-id = {2236121},
  keywords             = {bibtex-import},
  posted-at            = {2008-01-15 19:21:54},
}

@Misc{Jones2001--,
  author = {Eric Jones and Travis Oliphant and Pearu Peterson and others},
  title  = {{SciPy}: Open source scientific tools for {Python}},
  year   = {2001--},
  note   = {[Online; accessed <today>]},
  url    = {http://www.scipy.org/},
}

@Book{Pedrini2008,
  title     = {An{\'a}lise de imagens digitais: princ{\'\i}pios, algoritmos e aplica{\c{c}}{\~o}es},
  publisher = {THOMSON PIONEIRA},
  year      = {2008},
  author    = {Pedrini, H. and Schwartz, W.R.},
  isbn      = {9788522105953},
  url       = {https://books.google.com.br/books?id=13KAPgAACAAJ},
}

@Article{Walt2011,
  author  = {Stéfan van der Walt and S. Chris Colbert and Gaël Varoquaux},
  title   = {The NumPy Array: A Structure for Efficient Numerical Computation},
  journal = {Computing in Science \& Engineering},
  year    = {2011},
  volume  = {13},
  number  = {2},
  pages   = {22-30},
  doi     = {10.1109/MCSE.2011.37},
  eprint  = {http://aip.scitation.org/doi/pdf/10.1109/MCSE.2011.37},
  url     = { 
	http://aip.scitation.org/doi/abs/10.1109/MCSE.2011.37
	},
}

@Book{Jolliffe1986,
  title     = {Principal Component Analysis},
  publisher = {Springer Verlag},
  year      = {1986},
  author    = {Jolliffe, I.T.},
  abstract  = {seems like a great book on PCA -
it shows the connection between PCA and SVD;
talks about how to choose the number of eigenvectors to keep;
discusses outlier detection;
uses PCA for stock prices (Dow Jones)},
  added-at  = {2007-12-09T20:51:37.000+0100},
  biburl    = {https://www.bibsonomy.org/bibtex/21b71c6fb66b439679c9e0974777a8677/marymcglo},
  contents  = {(not listed)},
  interhash = {2d412ce0d00e97ad8c2bdbeb053a4977},
  intrahash = {1b71c6fb66b439679c9e0974777a8677},
  keywords  = {imported},
  timestamp = {2007-12-09T20:51:38.000+0100},
}

@Comment{jabref-meta: databaseType:bibtex;}
