% Encoding: UTF-8

@Article{Bradski2000,
  author               = {Bradski, G.},
  title                = {OpenCV Library},
  journal              = {Dr. Dobb's Journal of Software Tools},
  year                 = {2000},
  citeulike-article-id = {2236121},
  keywords             = {bibtex-import},
  posted-at            = {2008-01-15 19:21:54},
}

@Misc{Jones2001--,
  author = {Eric Jones and Travis Oliphant and Pearu Peterson and others},
  title  = {{SciPy}: Open source scientific tools for {Python}},
  year   = {2001--},
  note   = {[Online; accessed <today>]},
  url    = {http://www.scipy.org/},
}

@Book{Pedrini2008,
  title     = {An{\'a}lise de imagens digitais: princ{\'\i}pios, algoritmos e aplica{\c{c}}{\~o}es},
  publisher = {THOMSON PIONEIRA},
  year      = {2008},
  author    = {Pedrini, H. and Schwartz, W.R.},
  isbn      = {9788522105953},
  url       = {https://books.google.com.br/books?id=13KAPgAACAAJ},
}

@Article{Walt2011,
  author  = {Stéfan van der Walt and S. Chris Colbert and Gaël Varoquaux},
  title   = {The NumPy Array: A Structure for Efficient Numerical Computation},
  journal = {Computing in Science \& Engineering},
  year    = {2011},
  volume  = {13},
  number  = {2},
  pages   = {22-30},
  doi     = {10.1109/MCSE.2011.37},
  eprint  = {http://aip.scitation.org/doi/pdf/10.1109/MCSE.2011.37},
  url     = { 
	http://aip.scitation.org/doi/abs/10.1109/MCSE.2011.37
	},
}

@Comment{jabref-meta: databaseType:bibtex;}
